% This file was created with JabRef 2.6.
% Encoding: ISO8859_15

@TECHREPORT{BIB_01,
  author = {M. Farvaque and Ph. Emonot and O. Cueto},
  title = {Document de conception TRIO\_U Version 1},
  institution = {{CEA}},
  year = {1996},
  type = {Note Technique},
  number = {{STR/LTML 96-20}},
}
 
@TECHREPORT{BIB_02,
  author = {Trio\_U teams},
  title = {Trio\_U USER'S MANUAL v1.6.8},
  institution = {{CEA}},
  year = {2013},
  type = {Note Technique},
  number = {},
}
 
@TECHREPORT{BIB_03,
  author = {U. Bieder and V. Barthel and F. Ducros and F. Perdu and P. Qu\'em\'er\'e},
  title = {Trio\_U Users Manual : Methodology for incompressible single phase flow in industrial applications},
  institution = {{CEA}},
  year = {2007},
  type = {Note Technique},
  number = {{DER/SSTH/LMDL/2007-058}},
}
 
